
@misc{proffdk,
author = {{Proff, Rockwool}},
howpublished = {\url{https://www.proff.dk/regnskab/rockwool-international/hedehusene/hovedkontortjenester/GKKVZRI10NZ/?fbclid=IwAR2tZIJx2aXiCw4Bluh74WQUfXZAsA3GpOzeL7ka3vARQep7VOVteYD8R6s}},
note = {Aksessert: 2019-05-15},
year = {2019}
}

@misc{norskokonomi,
author = {{Norsk {\o}konomi}},
howpublished = {\url{https://www.regjeringen.no/no/aktuelt/oppdaterte-anslag-for-norsk-okonomi/id2632916/}},
note = {Aksessert: 2019-05-12},
year = {2019}
}

@misc{baerekraftsmaal,
author = {{Baerekraftsmaal}},
howpublished = {\url{https://www.fn.no/Om-FN/FNs-baerekraftsmaal}},
note = {Aksessert: 2019-05-12},
year = {2019}
}

@misc{klimakvoter,
author = {{Klimakvoter}},
howpublished = {\url{https://www.regjeringen.no/no/tema/klima-og-miljo/klima/innsiktsartikler-klima/klimakvoter/id2076655/}},
note = {Aksessert: 2019-05-12},
year = {2019}
}

@misc{sirkularokonomi,
author = {{Sirkular {\o}konomi}},
howpublished = {\url{https://www.regjeringen.no/no/sub/eos-notatbasen/notatene/2015/des/sirkular-okonomi/id2470468/}},
note = {Aksessert: 2019-05-12},
year = {2019}
}

@misc{skattaksje,
author = {{Aksjeselskap skatt}},
howpublished = {\url{https://www.altinn.no/starte-og-drive/skatt-og-avgift/skatt/skatt-for-aksjeselskap/}},
note = {Aksessert: 2019-05-25},
year = {2019}
}

@misc{skatteloven,
author = {{Skatteloven}},
howpublished = {\url{https://lovdata.no/dokument/NL/lov/1999-03-26-14/KAPITTEL_15-4?q=skatteloven%20avskrivninger#KAPITTEL_15-4}},
note = {Aksessert: 2019-05-12},
year = {2019}
}

@misc{reallonnsprognoser,
author = {{Reall{\o}nnsprognoser}},
howpublished = {\url{https://www.ssb.no/nasjonalregnskap-og-konjunkturer/artikler-og-publikasjoner/norsk-okonomi-er-naer-konjunkturnoytral}},
note = {Aksessert: 2019-05-10},
year = {2019}
}

@misc{materialgjenvinning,
author = {{Materialgjenvinning}},
howpublished = {\url{https://www.regjeringen.no/no/sub/eos-notatbasen/notatene/2014/des/endring-i-deponidirektivet-del-av-pakken-sirkular-okonomi/id2502170/}},
note = {Aksessert: 2019-05-14},
year = {2019}
}

@misc{kvotemarked,
author = {{Kvotemarked}},
howpublished = {\url{https://energiogklima.no/klimavakten/kvotemarked-eu-og-verden/}},
note = {Aksessert: 2019-05-14},
year = {2019}
}

@misc{utslippkvote,
author = {{Utslippkvote}},
howpublished = {\url{https://www.norskeutslipp.no/no/Diverse/Virksomhet/?CompanyID=5136#}},
note = {Aksessert: 2019-05-15},
year = {2019}
}

@misc{adamodar,
author = {{Adamodar}},
howpublished = {\url{http://pages.stern.nyu.edu/~adamodar/New_Home_Page/datafile/ctryprem.html?fbclid=IwAR1KpMu1eD0CNZOfjGk6qK9MC-Evi0c-3T-tfdGVhz_VVWtMHNayJ04IcqE}},
note = {Aksessert: 2019-05-08},
year = {2019}
}

@misc{inflasjon,
author = {{Inflasjon}},
howpublished = {\url{https://www.norges-bank.no/tema/Statistikk/Inflasjon/}},
note = {Aksessert: 2019-05-12},
year = {2019}
}

@misc{yahoo,
author = {{Yahoo finance}},
howpublished = {\url{https://finance.yahoo.com/}},
note = {Aksessert: 2019-06-01},
year = {2019}
}

@misc{stromforbruk,
author = {{str{\o}mforbruk}},
howpublished = {\url{http://publikasjoner.nve.no/rapport/2019/rapport2019_22.pdf?fbclid=IwAR2AK2ApQXv1F1V2iZG33oknQSS2o40PdISWErjLcshmsG7WWP7F0I9oKtY}},
note = {Aksessert: 2019-05-10},
year = {2019}
}

@misc{pwc,
author = {{PwC}},
howpublished = {\url{https://www.pwc.no/no/publikasjoner/risikopremien-2018.html}},
note = {Aksessert: 2019-05-15},
year = {2019}
}

@misc{forelesningsnotater,
author = {{Skaldehaug, Berthling-Hansen}},
howpublished = {Forelesningsnotater, BST 9502, Økonomistyring og investeringsanalyse},
year = {2018}
}

@misc{breeam,
author = {{BREEAM-NOR}},
howpublished = {\url{https://byggalliansen.no/sertifisering/breeam/om-breeam-nor/}},
note = {Aksessert: 2019-04-25},
year = {2019}
}

@misc{dagsavisen,
author = {{Dagsavisen}},
howpublished = {\url{https://www.dagsavisen.no/moss/lokalt/viktig-for-industribyen-moss-1.316778}},
note = {Aksessert: 2019-04-24},
year = {2015}
}

@misc{annualReport,
author = {{Annual Report 2018}},
howpublished = {\url{https://www.rockwoolgroup.com/newsroom/2019/ROCKWOOL-Group-Annual-Report-2018-announced/}},
note = {Aksessert: 2019-04-26},
year = {2018}
}

@misc{osloRegnskap,
author = {{Regnskap}},
howpublished = {\url{https://www.proff.no/regnskap/as-rockwool/oslo/produsenter/IFA0UP3016D/}},
note = {Aksessert: 2019-04-26},
year = {2019}
}

@misc{,
title = {{Rockwool International - Proff.dk}},
url = {https://www.proff.dk/regnskab/rockwool-international/hedehusene/hovedkontortjenester/GKKVZRI10NZ/},
urldate = {2019-06-01}
}
@misc{,
title = {{Valutakurser}},
url = {https://www.norges-bank.no/tema/Statistikk/valutakurser/?id=DKK},
urldate = {2019-05-28}
}
@misc{,
title = {{Historisk pris dansk index}},
url = {https://finance.yahoo.com/quote/{\%}5EOMXCGI?p={\%}5EOMXCGI{\&}.tsrc=fin-srch},
urldate = {2019-05-28}
}
@misc{,
title = {{Historisk pris til beta}},
url = {https://finance.yahoo.com/quote/ROCK-B.CO?p=ROCK-B.CO{\&}.tsrc=fin-srch},
urldate = {2019-05-28}
}
@misc{,
title = {{Sammenligning av DK index og v{\aa}r index}},
url = {http://www.nasdaqomxnordic.com/shares/analysis{\_}tool?Instrument=DK0060488112},
urldate = {2019-05-28}
}
@misc{,
title = {{OMX Copenhagen 20 Historical Rates - Investing.com}},
url = {https://www.investing.com/indices/omx-copenhagen-20-historical-data},
urldate = {2019-05-27}
}
@misc{,
title = {{Avskrivninger - Saldo}},
url = {https://lovdata.no/dokument/NL/lov/1999-03-26-14/KAPITTEL{\_}15-4?q=skatteloven avskrivninger{\#}KAPITTEL{\_}15-4},
urldate = {2019-05-27}
}
@misc{,
title = {{Rockwool International A/S: Levered/Unlevered Beta (ROCK.B | DNK | Building Materials {\&} Fixtures) - Infront Analytics}},
url = {https://www.infrontanalytics.com/fe-en/30064SD/Rockwool-International-A-S/Beta},
urldate = {2019-05-25}
}
@book{Sontheimer1908,
abstract = {Lebenslauf. Inaug.-diss.--Tübengen.},
author = {Sontheimer, Ludwig.},
issn = {1500-0788},
publisher = {J.J. Heckenhauer},
title = {{Vitruvius und seine Zeit; eine literar-historische Untersuchung.}},
url = {https://www.magma.no/hvordan-handtere-landrisiko-ved-investeringsbeslutninger1},
year = {1908}
}

@book{teori,
author = {{Bøhren, Michalsen, Norli}},
edition = {2},
keywords = {Metode},
mendeley-tags = {Metode},
publisher = {Fagbokforlaget},
title = {{Finans: Teori og praksis}},
year = {2018}
}

@book{genaro,
author = {{Sucarrat}},
edition = {2},
keywords = {Metode},
mendeley-tags = {Metode},
publisher = {Fagbokforlaget},
title = {{Metode og økonometri- en moderne innføring}},
year = {2017}
}

@misc{,
title = {{Reall{\o}nnsvekst}},
url = {https://www.ssb.no/nasjonalregnskap-og-konjunkturer/artikler-og-publikasjoner/norsk-okonomi-er-naer-konjunkturnoytral},
urldate = {2019-05-21}
}
@article{,
abstract = {EUs handlingsplan for en sirkul{\ae}r {\o}konomi},
month = {dec},
publisher = {regjeringen.no},
title = {{Sirkul{\ae}r {\o}konomi}},
url = {https://www.regjeringen.no/no/sub/eos-notatbasen/notatene/2015/des/sirkular-okonomi/id2470468/},
year = {2015}
}
@article{,
abstract = {Europaparlaments- og r{\aa}dsdirektiv (EU) 2018/850 om endring av direktiv 1999/31/EF om deponering av avfall},
month = {dec},
publisher = {regjeringen.no},
title = {{Endring i deponidirektivet (del av pakken sirkul{\ae}r {\o}konomi)}},
url = {https://www.regjeringen.no/no/sub/eos-notatbasen/notatene/2014/des/endring-i-deponidirektivet-del-av-pakken-sirkular-okonomi/id2502170/},
year = {2014}
}
@misc{,
title = {{FNs b{\ae}rekraftsm{\aa}l}},
url = {https://www.fn.no/Om-FN/FNs-baerekraftsmaal},
urldate = {2019-05-18}
}
@article{,
abstract = {En klimakvote er en tillatelse til {\aa} slippe ut en viss mengde klimagasser. Et system for handel med klimakvoter kalles kvotesystem. I et kvotesystem finnes det et bestemt antall kvoter som kan selges og kj{\o}pes. Over tid reduseres antall kvoter slik at ...},
keywords = {Klima},
month = {jan},
publisher = {regjeringen.no},
title = {{Klimakvoter}},
url = {https://www.regjeringen.no/no/tema/klima-og-miljo/klima/innsiktsartikler-klima/klimakvoter/id2076655/},
year = {2017}
}
@misc{,
title = {{Kvotemarked: EU og verden – Klimavakten – Energi og Klima}},
url = {https://energiogklima.no/klimavakten/kvotemarked-eu-og-verden/},
urldate = {2019-05-16}
}
@misc{,
title = {{Priser - MOVAR IKS}},
url = {https://www.movar.no/sap{\_}priser.html},
urldate = {2019-05-15}
}
@misc{,
title = {{Pris CO2-kvoter | Enova}},
url = {https://www.enova.no/om-enova/drift/prisforutsetninger-for-soknader/},
urldate = {2019-05-15}
}
@misc{statsobligasjoner,
author = {{Statsobligasjoner}},
howpublished = {\url{https://www.norges-bank.no/tema/Statistikk/Rentestatistikk/Statsobligasjoner-Rente-Manedsgjennomsnitt-av-daglige-noteringer/}},
note = {Aksessert: 2019-05-15},
year = {2019}
}

@misc{,
title = {{Historiske str{\o}mpriser - Sammenlign str{\o}mpriser f{\o}r og n{\aa} | LOS}},
url = {https://www.los.no/kundeservice/strompris/historiske-strompriser/},
urldate = {2019-05-14}
}
@misc{,
title = {{NVE sp{\aa}r h{\o}ye str{\o}mpriser fremover – karbonkvoter og kraftkabler f{\aa}r skylden | DN}},
url = {https://www.dn.no/makrookonomi/strompris/nve/strom/nve-spar-hoye-strompriser-fremover-karbonkvoter-og-kraftkabler-far-skylden/2-1-528774},
urldate = {2019-05-14}
}
@misc{,
title = {{NVE ansl{\aa}r at redusert bruk av fossil energi i transport og bygninger kan gi en betydelig {\o}kning i str{\o}mforbruket - NVE}},
url = {https://www.nve.no/nytt-fra-nve/nyheter-energi/nve-anslar-at-redusert-bruk-av-fossil-energi-i-transport-og-bygninger-kan-gi-en-betydelig-okning-i-stromforbruket/},
urldate = {2019-05-14}
}
@misc{enova,
author = {{Enova}},
howpublished = {\url{https://www.enova.no/om-enova/}},
note = {Aksessert: 2019-04-28},
year = {2019}
}
@misc{,
title = {{Metodeskolen: samfunnsvitenskapelig metode - Sosiologi og sosialantropologi - NDLA}},
url = {https://ndla.no/nb/node/190302?fag=185103},
urldate = {2019-05-12}
}
@misc{,
title = {{Hva er metode, kvalitativ og kvantitativ unders{\o}kelse – Studieweb.no}},
url = {https://studieweb.no/metode-kvalitativ-kvantitativ-undersokelse/},
urldate = {2019-05-12}
}
